@online{4g,
  title = {Page Poképédia sur la quatrième génération},
  url   = {https://www.pokepedia.fr/Quatrième_génération}
}

@online{tiplouf,
  title = {Page Poképédia de Tiplouf},
  url   = {https://www.pokepedia.fr/Tiplouf}
}